@article{ManneringUnobserved,
 author = "Mannering, Fred L. and Shankar, Venky and Bhat, Chandra R",
 issn = "22136657",
 journal = "Analytic Methods in Accident Research",
 title = "Unobserved heterogeneity and the statistical analysis of highway accident data",
 volume = "11",
 year = "2016"
}

@book{EMC,
	author = "EMC",
	issn = "111887613X",
	title = "Data Science and Big Data Analytics: Discovering, Analyzing, Visualizing and Presenting Data",
	publisher = "Wiley",
	Year = "January 2015",
	address = "Hoboken, NJ",
}

@manual{SageMaker,
	author = "AWS",
	ALTeditor = {editor},
	title = "Amazon SageMaker: Developer Guide",
	note = "last access December 2019",
	url = "https://docs.aws.amazon.com/sagemaker/latest/dg/sagemaker-dg.pdf"
}

@manual{gartner,
	author = "Carlton Sapp",
	ALTeditor = {editor},
	title = "Preparing and Architecting for Machine Learning: 2018 Update",
	note = "last access December 2019",
	url = "https://www.gartner.com/document/code/365935?ref=ddisp&refval=365935"
}


@article{eGov,
	author = "Gberevbie, Daniel, Charles Ayo",
	journal = "European Conference on Digital Government",
	title = "E-Governance and Accountability: Towards Achieving the Goals of Public Agencies in Nigeria",
	year = "June 2016"
}

@article{Weerakkody,
	author = "Weerakkody, Vishanth and Janssen, Marijn and Dwivedi, Yogesh",
	year = "2011",
	month = "07",
	pages = "320-328",
	title = "Transformational change and business process reengineering (BPR): Lessons from the British and Dutch public sector",
	volume = "28",
	journal = "Government Information Quarterly - GOVT INFORM QUART",
	doi = "10.1016/j.giq.2010.07.010"
}